@misc{adobe-prototype,
  title  = {Prototyping 101: The Difference between Low-Fidelity and High-Fidelity Prototypes and When to Use Each},  
  author = {Nick Babich},
  url    = {https://theblog.adobe.com/prototyping-difference-low-fidelity-high-fidelity-prototypes-use},
  note   = {[online] [accessed: 12. 4. 2020]},
}

@misc{app-hejlik,
  title  = {Gastromapa Lukáše Hejlíka},  
  author = {Futured},
  url    = {https://play.google.com/store/apps/details?id=com.thefuntasty.gmlh},
  note   = {[online] [accessed: 12. 4. 2020]},
}

@misc{app-pivni-denik,
  title  = {Pivní deníček},  
  author = {Lukáš Zeman},
  url    = {https://play.google.com/store/apps/details?id=cz.proteus.pivnidenicek},
  note   = {[online] [accessed: 12. 4. 2020]},
}

@misc{app-restu,
  title  = {Restu},  
  author = {Restu devs},
  url    = {https://play.google.com/store/apps/details?id=com.thefuntasty.restu},
  note   = {[online] [accessed: 12. 4. 2020]},
}

@misc{app-zomato,
  title  = {Zomato},  
  author = {Zomato},
  url    = {https://play.google.com/store/apps/details?id=com.application.zomato},
  note   = {[online] [accessed: 12. 4. 2020]},
}

@misc{app-google-maps,
  title  = {Google Maps},  
  author = {Google LLC},
  url    = {https://play.google.com/store/apps/details?id=com.google.android.apps.maps},
  note   = {[online] [accessed: 12. 4. 2020]},
}

@misc{material-design,
  title  = {Material Design},  
  author = {Google LLC},
  url    = {https://material.io/design},
  note   = {[online] [accessed: 12. 4. 2020]},
}

@misc{material-design-elevation,
  title  = {Elevation -- Material Design},  
  author = {Google LLC},
  url    = {https://material.io/design/environment/elevation.html\#elevation-in-material-design},
  note   = {[online] [accessed: 12. 4. 2020]},
}

@misc{balsamiq,
  title  = {Balsamiq, version 3.5.17},  
  author = {Balsamiq Studios, LLC},
  url    = {https://balsamiq.com},
  note   = {[online] [accessed: 1. 10. 2019]},
}

@misc{nielsen,
  title  = {10 Usability Heuristics for User Interface Design},  
  author = {Nielsen Norman Group},
  url    = {https://www.nngroup.com/articles/ten-usability-heuristics/},
  note   = {[online] [accessed: 12. 4. 2020]},
}